@ELECTRONIC{appbrain-app-stats,
  author = {AppBrain},
  month = {May},
  year = {2014},
  title = {{Number of Available Android Applications}},
  note = {\url{http://www.appbrain.com/stats/number-of-android-apps}},
  url = {\url{http://www.appbrain.com/stats/number-of-android-apps}},
  owner = {Roeeh},
  timestamp = {2014.05.11}
}

@ELECTRONIC{XAS-CVE,
	author={R. Hay and Y. Amit},
	month = {August},
	year = {2011},
	title = {Android Browser Cross-Application Scripting (CVE-2011-2357)},
	url = {\url{http://cve.mitre.org/cgi-bin/cvename.cgi?name=CVE-2011-2357}}
}

@inproceedings{SYGABSV:ISSTA14,
	author = {O. Shacham and E. Yahav and G. G. Gueta and A. Aiken and N. Bronson and M. Sagiv and M. Vechev},
	title = {Verifying Atomicity via Data Independence},
	booktitle = {Proceedings of the 2014 International Symposium on Software Testing and Analysis},
	year = {2014},
	pages = {26--36},
	doi = {10.1145/2610384.2610402}
}

@inproceedings{W:POPL86,
	author = {P. Wolper},
	title = {Expressing Interesting Properties of Programs in Propositional Temporal Logic},
	booktitle = {Proceedings of the 13th ACM SIGACT-SIGPLAN Symposium on Principles of Programming Languages},
	year = {1986},
	pages = {184--193},
	doi = {10.1145/512644.512661}
} 

@inproceedings{EGCCJMS:OSDI10,
	author = {W. Enck and P. Gilbert and B. G. Chun and L. P. Cox and J. Jung and P. McDaniel and A. N. Sheth},
	title = {TaintDroid: An Information-flow Tracking System for Realtime Privacy Monitoring on Smartphones},
	booktitle = {Proceedings of the 9th USENIX Conference on Operating Systems Design and Implementation},
	year = {2010},
	pages = {1--6}
} 

@inproceedings{YCZJ:MOMM13,
	author = {H. Ye and S. Cheng and L. Zhang and F. Jiang},
	title = {DroidFuzzer: Fuzzing the Android Apps with Intent-Filter Tag},
	booktitle = {Proceedings of International Conference on Advances in Mobile Computing \&\#38; Multimedia},
	year = {2013},
	pages = {68:68--68:74},
	doi = {10.1145/2536853.2536881}
} 

@inproceedings{LLWLJ:CCS12,
	author = {L. Lu and Z. Li and Z. Wu and W. Lee and G. Jiang},
	title = {CHEX: Statically Vetting Android Apps for Component Hijacking Vulnerabilities},
	booktitle = {Proceedings of the 2012 ACM Conference on Computer and Communications Security},
	pages = {229--240},
	doi = {10.1145/2382196.2382223}
} 

@inproceedings{SR:WODA14,
	author = {R. Sasnauskas and J. Regehr},
	title = {Intent Fuzzer: Crafting Intents of Death},
	booktitle = {Proceedings of the 2014 Joint International Workshop on Dynamic Analysis (WODA) and Software and System Performance Testing, Debugging, and Analytics (PERTEA)},
	year = {2014},
	pages = {1--5},
	doi = {10.1145/2632168.2632169}
} 


@inproceedings{YZWZD:ACCS14,
	author = {K. Yang and J. Zhuge and Y. Wang and L. Zhou and H. Duan},
	title = {IntentFuzzer: Detecting Capability Leaks of Android Applications},
	booktitle = {Proceedings of the 9th ACM Symposium on Information, Computer and Communications Security},
	year = {2014},
	pages = {531--536},
	doi = {10.1145/2590296.2590316}
} 

@inproceedings{RALB:ARES14,
		author = {S. Rasthofer and S. Arzt and E. Lovat and E. Bodden}, 
		title = { DroidForce: Enforcing Complex, Data-Centric, System-Wide Policies in Android },
		booktitle = { Proceedings of the 9th International Conference on Availability, Reliability and Security (ARES) },
		year = {2014} 
}

@inproceedings{CLMOABFKNR:IM13,
  author    = {A. Cozzette and
               K. Lingel and
               S. Matsumoto and
               O. Ortlieb and
               J. Alexander and
               J. Betser and
               L. Florer and
               G. Kuenning and
               J. Nilles and
               P. L. Reiher},
  title     = {Improving the security of Android inter-component communication},
  booktitle = {IM},
  year      = {2013},
  pages     = {808-811}
}

@inproceedings{KCHW:SPSM12,
  author    = {D. Kantola and
               E. Chin and
               W. He and
               D. Wagner},
  title     = {Reducing attack surfaces for intra-application communication
               in android},
  booktitle = {SPSM},
  year      = {2012},
  pages     = {69-80}
}

@inproceedings{CFGW:MOBISYS11,
 author = {E. Chin and A. Felt and K. Greenwood and D. Wagner},
 title = {Analyzing Inter-application Communication in Android},
 booktitle = {Proceedings of the 9th International Conference on Mobile Systems, Applications, and Services},
 year = {2011},
 pages = {239--252} 
} 

@article{EOM:SP09,
 author = {W. Enck and M. Ongtang and P. McDaniel},
 title = {Understanding Android Security},
 journal = {IEEE Security and Privacy},
 volume = {7},
 number = {1},
 year = {2009},
 pages = {50--57}
} 

@inproceedings{Epicc,
	author = {D. Octeau and P. McDaniel and S. Jha and A. Bartel and E. Bodden and J. Klein and Y. L. Traon},
	title = {Effective Inter-component Communication Mapping in Android with Epicc: An Essential Step Towards Holistic Security Analysis},
	booktitle = {Proceedings of the 22Nd USENIX Conference on Security},
	year = {2013},
	pages = {543--558}
} 

@inproceedings{LHDWY:ACSAC11,
	author = {T. Luo and H. Hao and W. Du and Y. Wang and H. Yin},
	title = {Attacks on WebView in the Android System},
	booktitle = {Proceedings of the 27th Annual Computer Security Applications Conference},
	year = {2011},
	pages = {343--352}
} 

@inproceedings{IDE,
	author = {M. Sagiv and T. Reps and S. Horwitz},
	title = {Precise interprocedural
	dataflow analysis with applications to constant propagation},
	booktitle = {Theor. Comput. Sci.},
	year = {1996},
	pages = {131--170}
} 

@inproceedings{RCE:CODAPSY13,
 author = {V. Rastogi and Y. Chen and W. Enck},
 title = {AppsPlayground: Automatic Security Analysis of Smartphone Applications},
 booktitle = {Proceedings of the Third ACM Conference on Data and Application Security and Privacy},
 year = {2013},
 pages = {209--220}
} 

@inproceedings{PHAB:ACSAC10,
	author = {G. Portokalidis and P. Homburg and K. Anagnostakis and H. Bos},
	title = {Paranoid Android: Versatile Protection for Smartphones},
	booktitle = {Proceedings of the 26th Annual Computer Security Applications Conference},
	year = {2010},
	pages = {347--356}
} 

@inproceedings{CPGW:MOBISYS11,
	author = {E. Chin and A. F. Porter and K. Greenwood and D. Wagner},
	title = {Analyzing Inter-application Communication in Android},
	booktitle = {Proceedings of the 9th International Conference on Mobile Systems, Applications, and Services},
	year = {2011},
	pages = {239--252}
} 


@inproceedings{MAB:DSN12,
  author    = {A. K. Maji and
               F. A. Arshad and
               S. Bagchi and
               J. S. Rellermeyer},
  title     = {An empirical study of the robustness of Inter-component
               Communication in Android},
  booktitle = {DSN},
  year      = {2012},
  pages     = {1-12}
}

@ELECTRONIC{idc-android-share,
	author = {IDC},
	year = {2015},
	title = {Smartphone OS Market Share, Q1 2015},
	url = {http://www.idc.com/prodserv/smartphone-os-market-share.jsp}
}

@ELECTRONIC{E:driveby,
	author = {R. Naraine}, 
	title = {Google Android vulnerable to drive-by browser exploit},
	year = {2008},
	url = {http://www.zdnet.com/blog/security/google-android-vulnerable-to-drive-by-browser-exploit/2067}
}

@ELECTRONIC{T:driveby,
	author = {T. Terada}, 
	title = {â€“ Attacking Android browsers via intent scheme URLs},
	year = {2014},
	url = {http://www.mbsd.jp/Whitepaper/IntentScheme.pdf}
}

@INPROCEEDINGS{zygoteaslr,
	author = {Byoungyoung Lee and Long Lu and Tielei Wang and Taesoo Kim and Wenke
	Lee},
	title = {{From Zygote to Morula: Fortifying Weakened ASLR on Android}},
	booktitle = {IEEE Symposium on Security and Privacy},
	year = {2014},
	owner = {Roeeh},
	timestamp = {2014.03.25}
}






